@Comment А вот так оформляется библиография при помощи BibTeX.

@Book{Book01,
  author =		 {Александр Дьяконов},
  title = 		 {Поиск аномалий (Anomaly Detection)},
  year = 		 {2017},
   url={https://goo.gl/Z43Ne9},
  language =     "russian"
}

@online{def01,
  author = { MachineLearning.ru
  Профессиональный информационно-аналитический ресурс, посвященный
  машинному обучению},
  title = {Выборка},
  url = {https://goo.gl/7gjJ6p},
  language =     "russian"
}
@Book{Book02,
	author =		 {Grubbs F.E.},
	title = 		 {Procedures for Detecting Outlying Observations in Samples. Technometrics},
	year = 		 {1969},
	language =     "English"
}
@Book{Book03,
	author =		 {Moya M.M., Hush D.R.},
	title = 		 {Network Constraints and Multi-objective Optimization for One-class Classification. Neural Networks},
	year = 		 {1996},
	language =     "English"
}

@online{def02,
	author = {},
	title = {ГОСТ 20886-85: Организация данных в системах обработки данных. Термины и определения},
	url = {http://www.gostrf.com/normadata/1/4294832/4294832686.pdf},
	language =     "russian"
}
@Book{Book04,
	title= " Anomaly Detection: A Survey",
	author=" Chandola V, Banerjee A, Kumar V.",
	publisher="ACM Computing ",
	year={2009},
	language={English}
}
@Book{Book05,
	title= "Behavior Analysis Using Unsupervised Anomaly Detection",
	author="Goldstein M, Uchida S.",
	publisher="The 10th Joint Workshop on Machine Perception and Robotics",
	year={2014},
	language={English}
}
@online{def03,
	author = {Википедия},
	title = {Data set, Задача классификации},
	url = {https://en.wikipedia.org},
	language =     "russian"
}

@Book{Book06,
	title= "Интеллектуальный анализ данных",
	author="Гахов Андрей",
	publisher="Харьковский национальный университет имени В.Н. Карамзина",
	year={2014},
	language={English}
}
@Book{Book07,
	title= "A survey of outlier detection methodologies",
	author="Hodge V., Austin J.",
	publisher="Artificial
	intelligence review",
	year={2004},
	language={English}
}

@Book{Book08,
	title= "Efficient Algorithms for Mining
	Outliers from Large Data Sets",
	author="Ramaswamy, S., Rastogi, R., and Shim, K",
	publisher="Artificial
	intelligence review",
	year={2004},
	language={English}
}

@Book{Book09,
	title= "Algorithms for Mining Distance-Based Outliers in Large
	Datasets",
	author="Edwin M. Knox and Raymond T. Ng ",
	publisher="University of British Columbia ",
	year={1998},
	language={English}
}
@Book{Book10,
	title= "Nearest Neighbor Clutter Removal for Estimating Features in Spatial Point Processes",
	author="S. Bayers, A.Raftery ",
	publisher="Journal of the American Statistical Association ",
	year={1998},
	language={English}
}
@Book{Book11,
	title= "Robust Regression and Outlier Detection",
	author="Rousseeuw, Leroy",
	publisher="John Wiley and Sons",
	year={1996},
	language={English}
}
@Book{Book12,
	title= "A Comparative Evaluation of Unsupervised Anomaly Detection Algorithms for Multivariate Data",
	author="Markus Goldstein ",
	publisher="Seiichi Uchida",
	year={2016},
	language={English}
}
@Book{Book13,
	title= "LOF: Identifying Density-Based Local Outliers",
	author="Breunig M, Kriegel H",
	publisher=" SIGMOD International Conference on Management of Data",
	year={2000},
	language={English}
}
@Book{Book14,
	title= "Anomaly Detection in Large Datasets",
	author="Goldstein M.",
	publisher="University of Kaiserslauterna",
	year={2014},
	language={English}
}
@Book{Book15,
	title= "Warm Start for Parameter Selection of Linear Classifiers",
	author="B.Chu, Chia-Hua Ho, Cheng-Hao Tsa",
	publisher="National Taiwan University ",
	year={2015},
	language={English}
}
@Book{Book16,
	title= "Методы ансамблирования
	обучающихся алгоритмов",
	author="Гущин Александр",
	publisher="Московский физико-технический институт",
	year={2015},
	language={English}
}

@online{def04,
	author = {Entefy},
	title = {Data in the digital universe doubles in size every 2 year},
	url = {https://www.entefy.com/blog/post/261/Data-in-the-digital-universe-doubles-in-size-every-2-years},
	language =     "russian"
}
@Book{Book17,
	author =		 {Т.В. Панченко},
	title = 		 {Генетические алгоритмы},
	year = 		 {2007},
	language =     "russian",
	publisher="Издательский дом «Астраханский университет»",
	note = "ст. 6-20"	  
}
@online{def05,
	author = {Булат Яминов},
	title = {Генетические алгоритмы},
	url = {http://rain.ifmo.ru/cat/view.php/theory/unsorted/genetic-2005},
	language =     "russian"
}
}
@online{def06,
	author = {Егор Лабинцев},
	title = {Метрики в задачах машинного обучения},
	url = {https://habr.com/company/ods/blog/328372/},
	language =     "russian"
}
@Book{Book18,
	author =		 {Hans-Peter Kriegel},
	title = 		 {LoOP: Local Outlier Probabilities},
	year = 		 {2009},
	language =     "german",
	publisher="Institut für Informatik, Ludwig-Maximilians Universität München",
    note = "p. 1-3"	  
}
@Book{Book19,
	author =		 {Ville Hautam¨aki},
	title = 		 {Outlier Detection Using k-Nearest Neighbour Graph},
	year = 		 {2004},
	language =     "english",
	publisher="University of Joensuu, Department of Computer Science
	Joensuu, Finland",
	 note = "p. 1-4"	  
}
@Book{Book20,
	author =		 {P. B. Callahan and S. R. Kosara},
	title = 		 {A decomposition of
	multidimensional point sets with applications to k-nearestneighbors
	and n-body potential fie},
	year = 		 {1995},
	language =     "english",
	publisher="s. Journal of the Association
	for Computing Machin",
	note = "p. 67-90"	  
}