@Comment А вот так оформляется библиография при помощи BibTeX.

@Book{Book01,
  author =		 {Александр Крутиков},
  title = 		 {Прогнозирование спортивных результатов в индивидуальных видах спорта с помощью обобщенно-регрессионной нейронной сети},
  year = 		 {2018},
   publisher="Молодой ученый. — 2018. — №12."
  language =     "russian",
  note = {c.22-26},
}

@online{def01,
  author = { {Справочник технического переводчика}},
  title = { [Электронный ресурс]},
  url = {URL: https://technical_translator_dictionary.academic.ru/8737/априорная},
  year = {2018},
  note = {дата обращения: 10.03.2020},
  language =     "russian"
}

@Book{Book02,
	author =		 {Kahn J.},
	title = 		 {Neural Network Prediction of NFL
	Football Games [Электронный ресурс]},
	year = 		 {2003},
	url = {URL:http://homepages.cae.wisc.edu/~ece539/project/f03/kahn.pdf},
	note={дата обращения: 10.03.2020},
}

@Book{Book03,
	 author =		 {Zdravevski E., Kulakov A. },
	title = 		 {System for Prediction of the Winner in a Sports Game
	},
	year = 		 {2010},
	publisher="ICT Innovations 2009 — 2010."

	note = {c.55-63},
}
  
@online{Book04,
	author = {{Международная теннисная федерация}},
	title = {IFT[Электронный ресурс]},
	url = {URL:https://www.itftennis.com/},
	note={дата обращения: 10.03.2020},
}
@Book{Book05,
	author =		 {Hsi B. ,  Burych D.},
	title = 		 { Games of two players ДОПИСАТЬ КНИГИ НИЖЕ},
	year = 		 {1971},
	publisher = {Journal of the Royal Statistical Society  22(1)}	
},
@Book{Book06,
	author =		 {J.R. Enrick},
	title = 		 {Optimal strategies at decision points in singles squash},
	year = 		 {1976},
	publisher = {Quart. Exercise Sport}
},
@Book{Book07,
	author =		 {W.H. Carter и S.L. Crews},
	title = 		 {An analysis of the game of tennis},
	year = 		 {1974},
	publisher = {Journal of the American Statistical Association   28(4)}	
	},

@Book{Book08,
	author =		 {G.H. Pollard},
	title = 		 {An analysis of classical and tie-breaker tennis},
	year = 		 {1983},
	publisher = {Journal of the Australian Mathematical Society 25}	
},
@Book{Book09,
	author =		 {F.Lassen, R.Magnus},
	title = 		 {Are points in tennis independent and identically
	distributed? Evidence from a dynamic binary panel data model},
	year = 		 {2001},
	publisher = {Journal of the American Statistical Association 96(454)}	
},

@Book{Book10,
	author =		 {S.Clarke, D. Dyte},
	title = 		 {Using official ratings to simulate major tennis tournaments},
	year = 		 {2000},
	publisher = {International
	Transactions in Operational Research 7(6)},
		note = {c.585–594},
},

@Book{Book11,
	author =		 {S. Ma, C. Liu, Y. Tan},
	title = 		 { Winning matches in Grand Slam men’s singles: an analysis of player
	performance-related variables from 1991 to 2008},
	year = 		 {2013},
	publisher = {Journal of sports sciences, 31(11)},
	note = {c.1147–1155},
},
@Book{Book12,
	author =		 { A. Somboonphokkaphan, S. Phimoltares,  C. Lursinsap.},
	title = 		 {Tennis Winner Prediction based on
	Time-Series History with Neural Modeling},
	year = 		 {2009},
	publisher = {International Multi-Conference of Engineers and Computer Scientists, Vols I and II},
	note = {c.127-132},
},

@Book{Book13,
	author =		 {Michal Sipko},
	title = 		 {Machine Learning for the Prediction of
	Professional Tennis Matches},
	year = 		 {2015},
	publisher = {Imperial College London [Электронный ресурс] URL:https://www.doc.ic.ac.uk/teaching/distinguished-projects/2015/m.sipko.pdf},
	note = {дата обращения:29.03.2020},
},

@online{Book14,
	author = {{Raheel Shaikh}},
	title = {Feature Selection Techniques in Machine Learning with Python[Электронный ресурс]},
	url = {URL:https://towardsdatascience.com/feature-selection-techniques-in-machine-learning-with-python-f24e7da3f36e},
	note={дата обращения: 25.04.2020},
},
@online{Book15,
	author = {{Valeria Fonti}},
	title = {Feature Selection using LASSO[Электронный ресурс]},
	url = {URL:https://beta.vu.nl/werkstuk-fonti_tcm235-836234},
	note={дата обращения: 25.04.2020},
},
@Book{Book16,
	author =		 { Terry M.E., Bradley R.A.(},
	title = 		 {Rank analysis of incomplete block designs I: the method of paired comparison},
	year = 		 {1952},
	publisher = {iometrika, No. 39},
	note = {c.324-330},
},
@Book{Book17,
	author =		 { Terry M.E., Bradley R.A.(},
	title = 		 {Rank analysis of incomplete block designs I: the method of paired comparison},
	year = 		 {1952},
	publisher = {Biometrika, No. 39},
	note = {c.324-330},
},
@Book{Book18,
	author =		 {Morton A., McHale I.},
	title = 		 {A Bradley-Terry type model for forecasting tennis match results},
	year = 		 {2011},
	publisher = {International Journal of Forecasting 27},
	note = {c.620},
},
@Book{Book19,
	author =		 {J.B. Keller},
	title = 		 {Tie point strategies in badminton, preprint},
	year = 		 {2003},	
},
@Book{Book20,
	author =		 {J.R. Enrick},
	title = 		 {Optimal strategies at decision points in singles squash},
	year = 		 {1976},
	publisher = {Quart. Exercise Sport}
	
},

@Book{Book21,
	author =		 {B.P. Hsi  и D.M. Burych},
	title = 		 { Games of two players},
	year = 		 {1971},
	publisher = {Journal of the Royal Statistical Society  22(1)}	
},

@Book{Book22,
	author =		 {W.H. Carter и S.L. Crews},
	title = 		 {An analysis of the game of tennis},
	year = 		 {1974},
	publisher = {Journal of the American Statistical Association   28(4)}	
},
@Book{Book23,
	author =		 {G.H. Pollard},
	title = 		 {An analysis of classical and tie-breaker tennis},
	year = 		 {1983},
	publisher = {Journal of the Australian Mathematical Society 25}	
},

}\textsl{}