@Comment А вот так оформляется библиография при помощи BibTeX.

@Book{Book01,
  author =		 {Александр Дьяконов},
  title = 		 {Поиск аномалий (Anomaly Detection)},
  year = 		 {2017},
   url = {https://alexanderdyakonov.wordpress.com/2017/04/19/%D0%BF%D0%BE%D0%B8%D1%81%D0%BA-%D0%B0%D0%BD%D0%BE%D0%BC%D0%B0%D0%BB%D0%B8%D0%B9-anomaly-detection/},
  language =     "russian"
}

@online{def01,
  author = {machinelearning.ru/},
  title = {Выборка},

  url = {http://www.machinelearning.ru/wiki/index.php?title=%D0%92%D1%8B%D0%B1%D0%BE%D1%80%D0%BA%D0%B0},
  language =     "russian"
}

@Book{Book02,
	author =		 {Grubbs F.E.},
	title = 		 {Procedures for Detecting Outlying Observations in Samples. Technometrics)},
	year = 		 {1969},
	language =     "English"
}
