@Comment А вот так оформляется библиография при помощи BibTeX.
@Book{book1,
	title= "Шпаргалка по работе с JSON в Golang",
	author="feeeper",
	publisher="https://ashirobokov.wordpress.com/2016/09/22/json-golang-cheat-sheet/",
	year={2016}
}
@Book{book2,
		title= "Krita history",
		author="Dmitry Kazakov ",
		publisher="https://krita.org/en/about/history",
		year={2014}
}
@Book{book3,
	title= "KUserFeedback",
	author="Volter Krause",
	publisher="https://github.com/KDE/kuserfeedback",
	year={2017}
}
@Book{book4,
	title= "Плюсы и минусы Django",
	author="Monty Azerus",
	publisher="https://python-scripts.com/django-obzor",
	year={2017}
}

@Book{book5,
	title= "О плюсах и минусах Go",
	author="Николай Зубач",
	publisher="https://habrahabr.ru/post/229169/",
	year={2014}
}
